% MAB
@article{robbins1951stochastic,
	title={A stochastic approximation method},
	author={Robbins, Herbert and Monro, Sutton},
	journal={The annals of mathematical statistics},
	pages={400--407},
	year={1951},
	publisher={JSTOR}
}
@article{robbins1952mab,
	title={Some aspects of the sequential design of experiments},
	author={Robbins, Herbert},
	journal={Bulletin of the American Mathematics Society},
	volume={58},
	pages={527--535},
	year={1952}
}
@article{auer2002finite,
	title={Finite-time analysis of the multiarmed bandit problem},
	author={Auer, Peter and Cesa-Bianchi, Nicolo and Fischer, Paul},
	journal={Machine learning},
	volume={47},
	number={2-3},
	pages={235--256},
	year={2002},
	publisher={Springer}
}
@article{auer2002using,
	title={Using confidence bounds for exploitation-exploration trade-offs},
	author={Auer, Peter},
	journal={Journal of Machine Learning Research},
	volume={3},
	number={Nov},
	pages={397--422},
	year={2002}
}


% Linear Contextual Bandits Bounds
@article{woodroofe1979one,
	title={A one-armed bandit problem with a concomitant variable},
	author={Woodroofe, Michael},
	journal={Journal of the American Statistical Association},
	volume={74},
	number={368},
	pages={799--806},
	year={1979},
	publisher={Taylor \& Francis Group}
}

@inproceedings{dani2008stochastic,
	title={Stochastic Linear Optimization under Bandit Feedback.},
	author={Dani, Varsha and Hayes, Thomas P and Kakade, Sham M},
	booktitle={COLT},
	pages={355--366},
	year={2008}
}
@article{rusmevichientong2010linearly,
	title={Linearly parameterized bandits},
	author={Rusmevichientong, Paat and Tsitsiklis, John N},
	journal={Mathematics of Operations Research},
	volume={35},
	number={2},
	pages={395--411},
	year={2010},
	publisher={INFORMS}
}
@inproceedings{abbasi2011improved,
	title={Improved algorithms for linear stochastic bandits},
	author={Abbasi-Yadkori, Yasin and P{\'a}l, D{\'a}vid and Szepesv{\'a}ri, Csaba},
	booktitle={Advances in Neural Information Processing Systems},
	pages={2312--2320},
	year={2011}
}
@inproceedings{chu2011contextual,
	title={Contextual bandits with linear payoff functions},
	author={Chu, Wei and Li, Lihong and Reyzin, Lev and Schapire, Robert E},
	booktitle={International Conference on Artificial Intelligence and Statistics},
	pages={208--214},
	year={2011}
}
@inproceedings{valko2014spectral,
	title={Spectral bandits for smooth graph functions},
	author={Valko, Michal and Munos, R{\'e}mi and Kveton, Branislav and Koc{\'a}k, Tom{\'a}{\v{s}}},
	booktitle={International Conference on Machine Learning},
	pages={46--54},
	year={2014}
}

% Non-linear (kernel model)
@inproceedings{Valko:2013:FAK:3023638.3023705,
	author = {Valko, Michal and Korda, Nathan and Munos, R{\'e}mi and Flaounas, Ilias and Cristianini, Nello},
	title = {Finite-time Analysis of Kernelised Contextual Bandits},
	booktitle = {Proceedings of the Twenty-Ninth Conference on Uncertainty in Artificial Intelligence},
	series = {UAI'13},
	year = {2013},
	location = {Bellevue, WA},
	pages = {654--663},
	numpages = {10},
	url = {http://dl.acm.org/citation.cfm?id=3023638.3023705},
	acmid = {3023705},
	publisher = {AUAI Press},
	address = {Arlington, Virginia, United States},
} 

% Applications of Contextual Bandits
@inproceedings{agarwal2009online,
	title={Online models for content optimization},
	author={Agarwal, Deepak and Chen, Bee-Chung and Elango, Pradheep and Motgi, Nitin and Park, Seung-Taek and Ramakrishnan, Raghu and Roy, Scott and Zachariah, Joe},
	booktitle={Advances in Neural Information Processing Systems},
	pages={17--24},
	year={2009}
}
@inproceedings{li2010contextual,
	title={A contextual-bandit approach to personalized news article recommendation},
	author={Li, Lihong and Chu, Wei and Langford, John and Schapire, Robert E},
	booktitle={Proceedings of the 19th international conference on World wide web},
	pages={661--670},
	year={2010},
	organization={ACM}
}

% GLM
@inproceedings{filippi2010parametric,
	title={Parametric bandits: The generalized linear case},
	author={Filippi, Sarah and Cappe, Olivier and Garivier, Aur{\'e}lien and Szepesv{\'a}ri, Csaba},
	booktitle={Advances in Neural Information Processing Systems},
	pages={586--594},
	year={2010}
}
@inproceedings{li2012unbiased,
	title={An unbiased offline evaluation of contextual bandit algorithms with generalized linear models},
	author={Li, Lihong and Chu, Wei and Langford, John and Moon, Taesup and Wang, Xuanhui},
	booktitle={Proceedings of the Workshop on On-line Trading of Exploration and Exploitation 2},
	pages={19--36},
	year={2012}
}
@article{li2017provable,
	title={Provable Optimal Algorithms for Generalized Linear Contextual Bandits},
	author={Li, Lihong and Lu, Yu and Zhou, Dengyong},
	journal={arXiv preprint arXiv:1703.00048},
	year={2017}
}
@article{jun2017scalable,
	title={Scalable Generalized Linear Bandits: Online Computation and Hashing},
	author={Jun, Kwang-Sung and Bhargava, Aniruddha and Nowak, Robert and Willett, Rebecca},
	journal={arXiv preprint arXiv:1706.00136},
	year={2017}
}


% Problem
@inproceedings{hanawal2017unsupervised,
	title={Unsupervised Sequential Sensor Acquisition},
	author={Hanawal, Manjesh and Szepesvari, Csaba and Saligrama, Venkatesh},
	booktitle={Artificial Intelligence and Statistics},
	pages={803--811},
	year={2017}
}

% Books, Monographs
@article{bubeck2012regret,
	title={Regret analysis of stochastic and nonstochastic multi-armed bandit problems},
	author={Bubeck, S{\'e}bastien and Cesa-Bianchi, Nicolo and others},
	journal={Foundations and Trends{\textregistered} in Machine Learning},
	volume={5},
	number={1},
	pages={1--122},
	year={2012},
	publisher={Now Publishers, Inc.}
}


% Real Dataset
@article{cortez2009modeling,
	title={Modeling wine preferences by data mining from physicochemical properties},
	author={Cortez, Paulo and Cerdeira, Ant{\'o}nio and Almeida, Fernando and Matos, Telmo and Reis, Jos{\'e}},
	journal={Decision Support Systems},
	volume={47},
	number={4},
	pages={547--553},
	year={2009},
	publisher={Elsevier}
}
@inproceedings{fernandes2015proactive,
	title={A proactive intelligent decision support system for predicting the popularity of online news},
	author={Fernandes, Kelwin and Vinagre, Pedro and Cortez, Paulo},
	booktitle={Portuguese Conference on Artificial Intelligence},
	pages={535--546},
	year={2015},
	organization={Springer}
}
@misc{lichman:2013 ,
	author = "M. Lichman",
	year = "2013",
	title = "{UCI} Machine Learning Repository",
	url = "http://archive.ics.uci.edu/ml",
	institution = "University of California, Irvine, School of Information and Computer Sciences" } 

